<record><leader>00000cas a2200000 a 4500</leader><controlfield tag="001">36369284</controlfield><controlfield tag="008">970211d19731974oruwr ne      0    0eng c</controlfield><datafield ind1=" " ind2=" " tag="010"><subfield code="a">sn 96088329 </subfield></datafield><datafield ind1=" " ind2=" " tag="040"><subfield code="a">OCN</subfield><subfield code="b">eng</subfield><subfield code="c">OCN</subfield><subfield code="d">DLC</subfield><subfield code="d">OCLCQ</subfield><subfield code="d">ORU</subfield><subfield code="d">OCLCQ</subfield><subfield code="d">OCLCF</subfield><subfield code="d">OCLCO</subfield></datafield><datafield ind1=" " ind2=" " tag="042"><subfield code="a">pcc</subfield></datafield><datafield ind1=" " ind2=" " tag="043"><subfield code="a">n-us-or</subfield></datafield><datafield ind1="0" ind2="0" tag="245"><subfield code="a">Lakeside news and pleasantimes.</subfield></datafield><datafield ind1="3" ind2=" " tag="246"><subfield code="a">Lakeside news and pleasant times</subfield></datafield><datafield ind1="1" ind2="3" tag="246"><subfield code="a">Lakeside news</subfield></datafield><datafield ind1=" " ind2=" " tag="260"><subfield code="a">Lowell, Or. :</subfield><subfield code="b">Valley Newspapers Inc.,</subfield><subfield code="c">1973-1974.</subfield></datafield><datafield ind1=" " ind2=" " tag="300"><subfield code="a">3 v.</subfield></datafield><datafield ind1=" " ind2=" " tag="310"><subfield code="a">Weekly</subfield></datafield><datafield ind1="0" ind2=" " tag="362"><subfield code="a">Vol. 4, no. 27 (Apr. 5, 1973)-v. 6, no. 1 (Dec. 24, 1974).</subfield></datafield><datafield ind1=" " ind2=" " tag="530"><subfield code="a">Also issued on microfilm from University of Oregon.</subfield></datafield><datafield ind1=" " ind2="0" tag="651"><subfield code="a">Lowell (Or.)</subfield><subfield code="v">Newspapers.</subfield></datafield><datafield ind1=" " ind2="0" tag="651"><subfield code="a">Lane County (Or.)</subfield><subfield code="v">Newspapers.</subfield></datafield><datafield ind1=" " ind2="7" tag="655"><subfield code="a">Newspapers.</subfield><subfield code="2">fast</subfield><subfield code="0">(OCoLC)fst01423814</subfield></datafield><datafield ind1=" " ind2="7" tag="651"><subfield code="a">Oregon</subfield><subfield code="z">Lane County.</subfield><subfield code="2">fast</subfield><subfield code="0">(OCoLC)fst01208163</subfield></datafield><datafield ind1=" " ind2="7" tag="651"><subfield code="a">Oregon</subfield><subfield code="z">Lowell.</subfield><subfield code="2">fast</subfield><subfield code="0">(OCoLC)fst01263598</subfield></datafield><datafield ind1=" " ind2=" " tag="752"><subfield code="a">United States</subfield><subfield code="b">Oregon</subfield><subfield code="c">Lane</subfield><subfield code="d">Lowell.</subfield></datafield><datafield ind1="0" ind2="4" tag="780"><subfield code="t">Lakeside news (Lowell, Or.)</subfield><subfield code="w">(DLC)sn 96088328</subfield><subfield code="w">(OCoLC)36369279</subfield></datafield><datafield ind1="0" ind2="4" tag="780"><subfield code="t">Pleasantimes</subfield><subfield code="w">(DLC)sn 96088303</subfield><subfield code="w">(OCoLC)36369267</subfield></datafield><datafield ind1="0" ind2="4" tag="785"><subfield code="t">Chronicle (Creswell, Or.)</subfield><subfield code="w">(DLC)sn 83008574</subfield><subfield code="w">(OCoLC)9839545</subfield></datafield></record>